%
%  Vzor bibliografické databáze pro automatickou tvorbu seznamu referencí
%  pomocí BibTeXu
%
%  Doporučený software pro správu databáze literatury formátu *.bib:
%    JabRef, http://jabref.sourceforge.net/
%
%  POZOR:
%
%    *  Písmena v názvech publikací, jež je třeba tisknout vždy velká, se musejí psát
%       do složených závorek ({T}hailand, {HIV})
%
%  ===========================================================================

@mastersthesis{Kimak,
	author = {Kimák, J.},
	title = {Charakterizace dvoudimenzionálního elektromagnetu},
	school = {MFF UK},
	address = {Praha},
	year = {2017},
	type = {Bakalářská práce}
}

@mastersthesis{Rozkotova,
	author = {Rozkotová, E.},
	title = {Dynamika spinově polarizovaných nosiču náboje v polovodičích},
	school = {MFF UK},
	address = {Praha},
	year = {2007},
	type = {Diplomová práce}
}


@mastersthesis{Subrt,
	author = {Šubrt, J.},
	title = {Studium feromagnetických polovodičů pomocí magnetooptických jevů},
	school = {MFF UK},
	address = {Praha},
	year = {2009},
	type = {Diplomová práce}
}

@mastersthesis{Reichlova,
	author = {Reichlová, H.},
	title = {Ultrarychlá laserová spektroskopie feromagnetického polovodiče {G}a{M}n{A}s},
	school = {MFF UK},
	address = {Praha},
	year = {2010},
	type = {Diplomová práce}
}

@mastersthesis{TesarovaDisertace,
	author = {Tesařová, N.},
	title = {Investigation of magnetization dynamics in {G}a{M}n{A}s by ultrafast laser spectroscopy},
	school = {MFF UK},
	address = {Praha},
	year = {2012},
	type = {Doktorská práce}
}

@ARTICLE{Tesarova,
	author = {Tesařová, N. and Šubrt, J. and Malý, P. and Němec, P. and Ellis, C. T. and Mukherjee, A. and Cerne, J.},
	title = {High precision magnetic linear dichroism measurements in ({G}a,{M}n){A}s},
	journal = {Rev. Sci. Instr.},
	year = {2012},
	volume = {83},
	number = {123108}
}

@ARTICLE{Janda,
	author = {Janda, T. and Nádvorník, L. and Kuchařík, J. and Butkovičová, D. and Schmoranzerová, E. and Trojánek, F. and Němec, P.},
	title = {Voigt effect-based wide-field magneto-optical microscope integrated in a pump-probe experimental setup},
	year = {2018}
}



@ARTICLE{cit1,
	author = {Ferre, J. and Gehring, G. A.},
	title = {Linear optical birefringence of magnetic crystals},
	journal = {Rep. Prog. Phys.},
	year = {1984},
	volume = {47},
	number = {513-611}
}

@ARTICLE{cit2,
	author = {Akbar, A. and Khalid, M. W. and Anwar, M. S.},
	title = {Low temperature Voigt effect in the terbium gallium garnet crystal},
	journal = {Optics Express},
	year = {2017},
	volume = {25},
	number = {30550}
}

@ARTICLE{cit3,
	author = {Kimel, V. and Astakhov, G. V. and Kirilyuk, A. and Schott, G. M. and Karczewski, G. and Ossau, W. and Schmidt, G. and Molenkamp, L. W. and Rasing, Th.},
	title = {Observation of Giant Magnetic Linear Dichroism in ({G}a,{M}n){A}s},
	journal = {Phys. Rev. Lett.},
	year = {2005},
	volume = {94},
	number = {227203}
}

@BOOK{Andel07,
  title = {Základy matematické statistiky},
  publisher = {Matfyzpress},
  year = {2007},
  author = {Anděl, J.},
  address = {Praha},
  series = {Druhé opravené vydání},
  isbn = {80-7378-001-1}
}

@BOOK{Andel98,
  title = {Statistické metody},
  publisher = {Matfyzpress},
  year = {1998},
  author = {Anděl, J.},
  address = {Praha},
  series = {Druhé přepracované vydání},
  isbn = {80-85863-27-8}
}

@ARTICLE{Cox72,
  author = {Cox, D. R.},
  title = {Regression models and life-tables (with {D}iscussion)},
  journal = {Journal of the Royal Statistical Society, Series B},
  year = {1972},
  volume = {34},
  pages = {187--220},
  number = {2}
}

@ARTICLE{DempsterLairdRubin77,
  author = {Dempster, A. P. and Laird, N. M. and Rubin, D. B.},
  title = {Maximum likelihood from incomplete data via the {EM} algorithm},
  journal = {Journal of the Royal Statistical Society, Series B},
  year = {1977},
  volume = {39},
  pages = {1--38},
  number = {1}
}

@ARTICLE{Genberget08,
  author = {Genberg, B. L. and Kulich, M. and Kawichai, S. and Modiba, P. and
	Chingono, A. and Kilonzo, G. P. and Richter, L. and Pettifor, A.
	and Sweat, M. and Celentano, D. D.},
  title = {{HIV} risk behaviors in Sub-{S}aharan {A}frica and {N}orthern {T}hailand:
	{B}aseline behavioral data from project {A}ccept},
  journal = {Journal of Acquired Immune Deficiency Syndrome},
  year = {2008},
  volume = {49},
  pages = {309--319}
}

@ARTICLE{KaplanMeier58,
  author = {Kaplan, E. L. and Meier, P.},
  title = {Nonparametric estimation from incomplete observations},
  journal = {Journal of the American Statistical Association},
  year = {1958},
  volume = {53},
  pages = {457--481},
  number = {282}
}

@BOOK{LehmannCasella98,
  title = {Theory of Point Estimation},
  publisher = {Springer-Verlag},
  year = {1998},
  author = {Lehmann, E. L. and Casella, G.},
  address = {New York},
  series = {{S}econd {E}dition},
  isbn = {0-387-98502-6}
}

@ARTICLE{Student08,
  author = {Student},
  title = {On the probable error of the mean},
  journal = {Biometrika},
  year = {1908},
  volume = {6},
  pages = {1-25}
}
